%% This BibTeX bibliography file was created using BibDesk.
%% http://bibdesk.sourceforge.net/

%% Created for Marvin Rausand at 2011-06-16 13:34:49 +0200 


%% Saved with string encoding Western (Windows Latin 1) 

@article{usvprosjekt,
    author =       "Kandidatnummer: 807, 819, 829",
    title =        "USV - Unmanned Surface Vessel",
    journal =      "Bachelor oppgave",
    volume =       "368",
    number =       "10",
    pages =        "74--77",
    year =         "26.05.2016",
   
}

@misc{TTK4190,
    author    = "Thor I. Fossen",
    title     = "Lecture Notes TTK 4190 Guidance and Control of Vehicles (T. I. Fossen)",
    url       = "http://www.fossen.biz/wiley/Ch2.pdf"
        
}




    @article{optimisation,
    author =       "Thor I. Fossen and Tor A. Johansen",
    title =        "A Survey of Control Allocation Methods for Ships and Underwater Vehicles",
    journal =      "Mathematical Association of America",
    volume =       "6",
    number =       "1",
    pages =        "1-6",
    year =         "2006 14th Mediterranean Conference on Control and Automation",
    DOI =          "http://ieeexplore.ieee.org/document/4124854/",
    keywords =     "optimisation"
}



@misc{bodyToNed,
    author    = " MathWorks",
    title     = "Estimate flat eart position from geodetic latitude, longitude and altitude, MathWorks. 2011.",
    url       = "http://se.mathworks.com/help/aerotbx/ug/lla2flat.html?requestedDomain=www.mathworks.com"
        
}
	
@misc{gpssnl,
    author    = "Børje Forssell",
    title     = "Global Positioning System",
    url       = "https://snl.no/GPS"
        
}
	
@misc{gpsegnos,
    author    = "European Space Agency",
    title     = "European Geostationary Navigation Overlay Service",
    url       = "http://www.esa.int/Our_Activities/Navigation/EGNOS/What_is_EGNOS"
        
}

@online{androidstudio,
    title = "Meet Android Studio",
    note   = "https://developer.android.com/studio/intro/index.html"

}

@online{javaThread,
    title = "Thread",
    note   = "https://docs.oracle.com/javase/7/docs/api/java/lang/Thread.html"

}

@online{socket,
    author = "Oracle",
    title = "Socket programming",
    note = "http://docs.oracle.com/javase/tutorial/networking/sockets/definition.html",
    keywords = "socket"

}

@manual{SPI,
    title        = {SPI Block Guide},
    author       = {Motorola Inc.}, 
    organization = {Motorola Inc.},
    edition      = 2,
    month        = 2,
    year         = 2003,
    note         = {S12SPIV3/D}
}

@manual{AD620,
    title        = {AD620 Datasheet},
    author       = {Analog Devices Inc.}, 
    organization = {Analog Devices Inc.},
    edition      = 1,
    month        = 1,
    year         = 2003,
    note         = {AD620 Datasheet}
}

@manual{CP1232,
    title        = {CP1232 Datasheet},
    author       = {Anda-Olsen-AS}, 
    organization = {Anda-Olsen-AS},
    edition      = 1,
    month        = 1,
    year         = 2003,
    note         = {CP1232 Datasheet}
}

@manual{TCA9548A,
    title        = {TCA9548A Datasheet},
    author       = {Texas-Instruments-Inc.}, 
    organization = {Texas-Instruments-Inc.},
    edition      = 2,
    month        = 1,
    year         = 2015,
    note         = {TCA9548A Datasheet}
}

@manual{MPX2010dp,
    title       = {MPX2010 series Datasheet},
    author       = {Freescale Semiconductor}, 
    organization = {Freescale Semiconductor},
    edition      = 13,
    month        = 10,
    year         = 2008,
    note         = {MPX2010 Datasheet}
}


@book{TCP/IP,
    author    = "James F. Kurose and Keith W. Ross",
    title     = "Computer Networking Sixth Edition",
    year      = "2013",
    publisher = "Pearson",
    address   = "Edinburgh Gate, Harlow CM20 2JE, England"
}

@book{convex,
    author    = "Stephen Boyd andLieven Vandenberghe",
    title     = "Convex Optimization",
    year      = "2004",
    publisher = "Cambridge University Press",
    address   = "The Edinburgh Building, Cambridge, CB2 8RU, UK"
}



@misc{mtmprog,
    author    = "Helge Holden",
    title     = "matematisk programmering",
    url       = "https://snl.no/matematisk_programmering"
}
@misc{TCP,
    author    = "Halvor Bothner-By",
    title     = "TCM – nettverksprotokoll",
    url       = "https://snl.no/TCM_-_nettverksprotokoll"
}

@misc{UDP,
    author    = "Oracle Java Documentation",
    title     = "Networking Basics",
    url       = "https://docs.oracle.com/javase/tutorial/networking/overview/networking.html"
}

@misc{Pipelife,
    author    = "PipeLife",
    title     = "PipeLife",
    url       = "http://www.pipelife.no/no/"
}

@book{wifiSecurity,
    author    = "David D. Coleman, David A. Westcott, Bryan E. Harkins and Shawn M. Jackman",
    title     = "Certified Wireless Security Professional - Official Study Guide",
    year      = "2010",
    publisher = "Wiley Publishing, Inc",
    address   = "John Wiley and Sons, Inc., 111 River Street, Hoboken,  NJ 07030"
}

    @misc{USB,
    author    = "Eirik Rossen",
    title     = "USB – IT",
    url       = "https://snl.no/USB_-_IT"
}

@book{friis,
    author    = "KAI CHANG",
    title     = "RF and Microwave Wireless Systems",
    year      = "2000",
    publisher = "JOHN WILEY and SONS, INC.",
    address   = "John Wiley and Sons, Inc., 605 Third Avenue, New York, NY 10158-0012"
}   

    @misc{tplink,
    author    = "tp-link.com",
    title     = "How to improve my wireless speed or range?",
    url       = "http://www.tp-link.com/us/faq-468.html"
}


    @misc{antenne,
    author    = "Jakob Sandstad Thor Hansen",
    title     = "antenne – radioteknikk",
    url       = "https://snl.no/antenne_-_radioteknikk"
}
@book{hydrodynamics,
    author    = "Thor I. Fossen",
    title     = "Handbook of Marine Craft Hydrodynamics and Motion Control",
    year      = "2011",
    publisher = "JOHN WILEY and SONS, Ltd.",
    address   = "John Wiley and Sons Ltd, The Atrium, Southern Gate, Chichester, West Sussex, PO19 8SQ, United Kingdom"
}
    
    @misc{inSSIDer,
    author    = "MetaGeek, LLC",
    title     = "inSSIDer",
    url       = "http://www.metageek.com/products/inssider/"
}

    @article{haversineFormula,
    author =       "C. C. Robusto",
    title =        "The Cosine-Haversine Formula. ({USA})",
    journal =      "Mathematical Association of America",
    volume =       "64",
    number =       "1",
    pages =        "38-40",
    year =         "1957",
    DOI =          "http://www.jstor.org/stable/pdf/2309088.pdf",
    keywords =     "haversine"
}

@article{kalman,
    Author = "Kalman, Rudolph Emil",
    Title = "A New Approach to Linear Filtering and Prediction Problems",
    Journal = "Transactions of the ASME--Journal of Basic Engineering",
    Volume = "82",
    Number = "Series D",
    Pages = "35--45",
    Year = "1960"
}

@book{concurrent,
    author    = "Andy Wellings",
    title     = "Concurrent and Real-Time Programming in Java",
    year      = "2004",
    publisher = "JOHN WILEY and SONS, Ltd.",
    address   = "John Wiley and Sons, Ltd., The atrium, Southern Gate, Chichester, West Sussex PO19 8SQ, England"
}  

@book{pid,
    author    = "Mark A. Haidekker",
    title     = "Linear FeedBack Controls - The Essensials",
    year      = "2013",
    publisher = "Elsevier",
    address   = "32 Jamestown Road, London NW1 7BY, UK",
} 

    @article{dp,
    author =       "Asgeir J. Sørensen",
    title =        "A survey of dynamic positioning control systems",
    journal =      "Annual Reviews in Control",
    volume =       "35",
    number =       "1",
    pages =        "123-136",
    year =         "2011",
    DOI =          "http://www.sciencedirect.com/science/article/pii/S1367578811000095",
    keywords =     "pd"
}

 @article{dpclass,
    author =       "Kongsberg",
    title =        "IMO DP Clasification",
    url =          "https://www.km.kongsberg.com/ks/web/nokbg0240.nsf/AllWeb/D9479D5DB35FCA01C1256A4C004A876E?OpenDocument",
    keywords =     "dpc"
}

@book{I2C,
    author    = "Rodolfo Giometti",
    title     = "BeagleBone Essentials",
    year      = "2015",
    publisher = "Packt Publishing",
    address   = "Birmingham, UK",
} 


 @misc{primalDualMethod,
    author    = "joptimizer.com",
    title     = "Primal-dual interior-point method",
    url       = "http://www.joptimizer.com/primalDualMethod.html"
}

@misc{eulerAngles,
    author = "Wolfram Mathworld",
    title  = "Euler Angles",
    url    = "link: http://mathworld.wolfram.com/EulerAngles.html"
}

@misc{InertialNavigation,
    author = "A.D. King",
    title  = "Inertial Navigation, Forty Years Of Evolution",
    url    = "link: http://www.imar-navigation.de/downloads/papers/inertial_navigation_introduction.pdf"
}
    @misc{zigeler,
    author    = "J. G. Zigeler, N. B. Nichols",
    title     = "Optimum Settings for Automatic Controllers",
    url       = "http://chem.engr.utc.edu/Student-files/x2008-Fa/435-Blue/1942-paper.pdf"
}